@misc{javascript,
    title     = "Javascript",
    howpublished       = "\url{https://developer.mozilla.org/es/docs/Web/JavaScript}"
}

@misc{hardhat_network,
    author    = "Nomic Foundation",
    title     = "Hardhat Network",
    howpublished       = "\url{https://hardhat.org/}"
}

@misc{nestjs,
    title     = "Nest.js",
    howpublished       = "\url{https://nestjs.com/}"
}


@misc{solidity,
    title     = "Solidity",
    howpublished       = "\url{https://soliditylang.org/}"
}

@misc{nextjs,
    title     = "Next.js",
    howpublished       = "\url{https://nextjs.org/}"
}

@misc{reactjs,
    title     = "React.js",
    howpublished       = "\url{https://react.dev/}"
}

@misc{git,
    title     = "Git",
    howpublished       = "\url{https://git-scm.com/}"
}

@misc{github,
    title     = "Githut",
    howpublished       = "\url{https://github.com/}"
}

@misc{postgresql,
    title     = "PostgreSQL",
    howpublished       = "\url{https://www.postgresql.org/}"
}


@misc{sathoshi,
    title     = "Who is Satoshi Nakamoto?",
    author    = "Adam Hayes",
    howpublished       = "\url{https://www.investopedia.com/terms/s/satoshi-nakamoto.asp}",
    year      = "2023"
}
@misc{hd-wallet,
    title     = "HD Wallets Explained: From High Level to Nuts and Bolts",
    author    = "Harsha Goli",
    howpublished       = "\url{https://arshbot.medium.com/hd-wallets-explained-from-high-level-to-nuts-and-bolts-9a41545f5b0}",
    year      = "2018"
}

@misc{metamask,
    title   ="Metamask",
    howpublished     = "\url{https://metamask.io/}", 
}

@misc{proof-of-stake,
    title   ="Proof of stake",
    howpublished     = "\url{https://ethereum.org/en/developers/docs/consensus-mechanisms/pos/}", 
}

@misc{ethers,
  title = "Ethers.js",
  howpublished = "\url{https://docs.ethers.org/v5/}", 
}
@misc{infura,
  title = "Infura",
  howpublished = "\url{https://www.infura.io/}", 
}
@misc{infura,
  title = "Infura",
  howpublished = "\url{https://www.infura.io/}", 
}
@misc{geth,
  title = "Geth",
  howpublished = "\url{https://geth.ethereum.org/}", 
}

@misc{mui,
  title = "Material UI",
  howpublished = "\url{https://mui.com/}", 
}


@misc{proof-of-stake2,
  author = {Everett Muzzy},
  title = {{What is Proof of Stake}},
  howpublished = "\url{https://consensys.io/blog/what-is-proof-of-stake}",
  year = {2020}, 
}

@misc{proof-of-stake3,
  author = {Vitalik Buterin},
  title = {{What is Proof of Stake and why it matters}},
  howpublished = "\url{https://bitcoinmagazine.com/culture/what-proof-of-stake-is-and-why-it-matters-1377531463}",
  year = {2013}, 
}

@misc{ether-ethereum,
  author = {CME Group},
  title = {{Defining Ether and Ethereum}},
  howpublished = "\url{https://www.cmegroup.com/education/courses/introduction-to-ether/defining-ether-and-ethereum.html}",
  year = {2022}, 
}

@misc{ethereum-whitepaper,
  author = {Vitalik Buterin},
  title = {{Ethereum Whitepaper}},
  howpublished = "\url{https://ethereum.org/en/whitepaper/}",
  year = {2014}, 
}

@misc{opcodes-evm,
  author = {Ethereum Organization},
  title = {{Opcodes for the EVM}},
  howpublished = "\url{https://ethereum.org/en/developers/docs/evm/opcodes/}",
  year = {2023}, 
}

@misc{how-siwe,
  author = {Leon Do},
  title = {{How to use: Sign in with Ethereum}},
  howpublished = "\url{https://leondo.medium.com/how-to-use-sign-in-with-ethereum-ce712e622ee6}",
  year = {2023}, 
}

@misc{why-siwe,
  author = {Rocco},
  title = {{Why Sign-In with Ethereum is a Game-Changer}},
  howpublished = "\url{https://blog.spruceid.com/sign-in-with-ethereum-is-a-game-changer-part-1/}",
  year = {2022}, 
}

@misc{web3-vs-ethers,
  author = {Lara Parvinsmith},
  title = {{web3.js vs ethers.js: a comparison of Web3 libraries}},
  howpublished = "\url{https://dev.to/lparvinsmith/web3js-vs-ethersjs-a-comparison-of-web3-libraries-2ap5}",
  year = {2022}, 
}

